<?xml version="1.0" encoding="UTF-8"?><collection><record><leader>06910ntm a2200589 a 4500</leader><controlfield tag="001">006768878</controlfield><controlfield tag="003">MiAaHDL</controlfield><controlfield tag="005">20190719000000.0</controlfield><controlfield tag="006">m        d        </controlfield><controlfield tag="007">cr bn ---auaua</controlfield><controlfield tag="008">090506s17uu    xx            00| ||ara d</controlfield><datafield tag="035" ind1=" " ind2=" "><subfield code="a">(MiU)006768878</subfield></datafield><datafield tag="035" ind1=" " ind2=" "><subfield code="a">sdr-miu006768878</subfield></datafield><datafield tag="040" ind1=" " ind2=" "><subfield code="a">MiU</subfield><subfield code="c">MiU</subfield><subfield code="e">amremm</subfield></datafield><datafield tag="043" ind1=" " ind2=" "><subfield code="a">n-us-mi</subfield></datafield><datafield tag="100" ind1="1" ind2=" "><subfield code="6">880-01</subfield><subfield code="a">Isfarāyīnī, Muḥammad ibn Muḥammad,</subfield><subfield code="d">-1285.</subfield></datafield><datafield tag="240" ind1="1" ind2="0"><subfield code="6">880-02</subfield><subfield code="a">Ḍawʼ al-Miṣbāḥ</subfield></datafield><datafield tag="245" ind1="1" ind2="0"><subfield code="6">880-03</subfield><subfield code="a">[Kitāb al-Ḍawʼ,</subfield><subfield code="f">18th century].</subfield></datafield><datafield tag="246" ind1="3" ind2=" "><subfield code="i">Title above opening on incipit page [mistakenly skipped in pagination]:</subfield><subfield code="a">كتاب ضوء</subfield></datafield><datafield tag="260" ind1=" " ind2=" "><subfield code="c">[17--]</subfield></datafield><datafield tag="300" ind1=" " ind2=" "><subfield code="a">160 leaves :</subfield><subfield code="b">paper ;</subfield><subfield code="c">202 x 150 (141 x 51) mm. bound to 202 x 155 mm.</subfield></datafield><datafield tag="500" ind1=" " ind2=" "><subfield code="a">Shelfmark: Ann Arbor, University of Michigan, Special Collections Library, Isl. Ms. 138</subfield></datafield><datafield tag="500" ind1=" " ind2=" "><subfield code="a">Origin: As appears in colophon on p.319, copied by Ismāʻīl ibn Ḥasan ibn Muṣṭafá. Transcription finished 17 Rabīʻ II [year severly obscured with ink smudged and lifted, but may read 1125? = ca. 13 May 1713]. Paper suggests 18th century.</subfield></datafield><datafield tag="500" ind1=" " ind2=" "><subfield code="a">Accompanying materials: Scrap with notes inserted (paginated pp.226-227).</subfield></datafield><datafield tag="500" ind1=" " ind2=" "><subfield code="a">Former shelfmark: British Museum, London "No. 138. Kitab al-dau, with glosses."</subfield></datafield><datafield tag="500" ind1=" " ind2=" "><subfield code="a">Binding: Pasteboards faced in laid paper (trimmed to reveal leather onlay of central stamped panel) with dark red leather over spine, fore edge flap and edges / turn-ins (paper faced, leather edged, framed binding) ; Type II binding (with flap) ; board linings in magenta laid paper ; upper and lower covers bear central blind-stamped panel (lozenge-shaped) filled with vegetal decoration (compare Déroche class. OSd) and surrounded by tooled star or rosette accents ; sewn in light pink thread, two stations ; worked endbands in red and light blue, fully intact and in fair condition ; overall in fair to poor condition with some abrasion, lifting and losses of paper and leather, delamination of boards, minor spine slant (slightly cocked), etc.</subfield></datafield><datafield tag="500" ind1=" " ind2=" "><subfield code="a">Support: European laid paper with 13 laid lines per cm. (vertical) and chain lines spaced 28 mm. apart (horizontal) ; watermarks include coat of arms with lions flanking cross above circles ; well-sized and burnished ; some staining, smudging and water damage (particularly pp.61-66).</subfield></datafield><datafield tag="500" ind1=" " ind2=" "><subfield code="a">Decoration: Headings, keywords, abbreviation symbols and some marginalia rubricated ; textual divders in the form of three inverted commas ; written area surrounded by red rule-border (through p.217).</subfield></datafield><datafield tag="500" ind1=" " ind2=" "><subfield code="a">Script: Naskh-nastaʻlīq and naskh ; at least two hands ; elegant naskh-nastaʻlīq, virtually serifless, with mainly closed counters, effect of tilt to the right and of words descending to baseline, and elongation of horizontal strokes ; at p.98 hand changes to naskh, also serifless, neat and compact, fairly rounded, with mainly closed counters and slight effect of tilt to the left ; bowl of final nūn often forms a closed circle around the point.</subfield></datafield><datafield tag="500" ind1=" " ind2=" "><subfield code="a">Layout: Written in 15 lines per page ; frame-ruled.</subfield></datafield><datafield tag="500" ind1=" " ind2=" "><subfield code="a">Collation: 16 V (160), i ; exclusively quinions ; catchwords present ; pagination in pencil, Western numerals, supplied during digitization (includes back flyleaf and inserts ; skips two pages between pp.3-4 and pp.23-24 and omits p.58).</subfield></datafield><datafield tag="500" ind1=" " ind2=" "><subfield code="a">Colophon: "Scribal," rectangular, reads: "تمت هذا الكتاب بفضل الله في يوم سبعة عشر في شهر ربيع الاخر المبارك تاريخ سنة [۱۱۲٥؟] كتب على يد عبد الضعيف محتاج الى رحمة الله تعالى اسماعيل بن حسن بن مصطفى رحمة الله على اجداد [كذا] ولوالديه ولاستاذه ولشركائه ولجميع المؤمنين والمؤمنات وبالله التوفيق وهو نعم الرفيق تمت"</subfield></datafield><datafield tag="500" ind1=" " ind2=" "><subfield code="a">Explicit: "هذا باب الاطناب فيه مجال لكنه يقضي الى الملك فاقتصرت على هذا القدر فليس الرأي عن التشاق [؟] تم ضوء والله اعلم بالصواب"</subfield></datafield><datafield tag="500" ind1=" " ind2=" "><subfield code="a">Incipit: "ان احق ما يتوشح بذكره صدور الكتاب والدفاتر ... حمد الله تعالى على زواهر اياديه ... اما بعد فان نوع الادب على كثرة شجونه ..."</subfield></datafield><datafield tag="500" ind1=" " ind2=" "><subfield code="a">Title supplied by cataloguer.</subfield></datafield><datafield tag="500" ind1=" " ind2=" "><subfield code="a">Ms. codex.</subfield></datafield><datafield tag="510" ind1="4" ind2=" "><subfield code="a">Ḥājjī Khalīfah. Kashf al-ẓunūn,</subfield><subfield code="c">1708</subfield></datafield><datafield tag="510" ind1="4" ind2=" "><subfield code="a">Brockelmann, C. GAL,</subfield><subfield code="c">I 293 ; SI 514</subfield></datafield><datafield tag="520" ind1="8" ind2=" "><subfield code="a">Fine copy of al-Isfarāyīnī's (d.1285) commentary on al-Misbāḥ fī al-naḥw, a treatise on grammar by al-Muṭarrizī (d.1213).</subfield></datafield><datafield tag="538" ind1=" " ind2=" "><subfield code="a">Mode of access: Internet.</subfield></datafield><datafield tag="541" ind1=" " ind2=" "><subfield code="c">Purchase ;</subfield><subfield code="a">Acquired by purchase (funds donated by Horace Rackham).</subfield><subfield code="d">1924.</subfield></datafield><datafield tag="546" ind1=" " ind2=" "><subfield code="a">Arabic.</subfield></datafield><datafield tag="561" ind1=" " ind2=" "><subfield code="a">Bookplate of British Museum, on interior of upper cover, "British Museum, London. No. 138. Kitab al-dau, with glosses." ; circular seal impression with figure of goat/gazelle in purple ink as well as inscription "198" in Western numerals on front flyleaf (p.1) ; on paper (blue-tinted) pasted on 'title page' (p.3), a detailed waqf statement in the name of al-Sayyid ʻAbd Allāh Adīb (Abdullah Edip), known as Jannatʹzādah (Cennet-zade), qāḍī of Erzurum, accompanied by his seal, reads: "وقفت وقفا صحيحا شرعيا على ان لا يخرج من بيت الكتب الملتصق بداري الا لعلماء سكنوا بارضروم بكفيل مرعى اورهن قوي وانا الفقير اليه عز شانه السيد عبد الله اديب الشهير بجنت زاده القاضي بمدينة ارضروم في سنة اثنى وستين ومائتين والف ارضروم" ; also on 'title page' (p.3) an ownership statement in the name of the copyist, Ismāʻīl ibn Ḥasan al-Awlawī, reads: "من كتب الفقير الى الله القدير اسماعيل بن حسن الاولوى غفر هما الله الغني وجميع المؤمنين والمؤمنات والمسلمين والمسلمات" ; extensive marginal glosses and corrections through p.183.</subfield></datafield><datafield tag="600" ind1="1" ind2="0"><subfield code="a">Muṭarrizī, Nāṣir ibn ʻAbd al-Sayyid,</subfield><subfield code="d">1144-1213.</subfield><subfield code="t">Miṣbāḥ fī al-naḥw.</subfield></datafield><datafield tag="650" ind1=" " ind2="0"><subfield code="a">Manuscripts, Arabic</subfield><subfield code="z">Michigan</subfield><subfield code="z">Ann Arbor.</subfield></datafield><datafield tag="650" ind1=" " ind2="0"><subfield code="a">Arabic language</subfield><subfield code="x">Grammar</subfield><subfield code="v">Early works to 1800.</subfield></datafield><datafield tag="700" ind1="0" ind2=" "><subfield code="6">880-05</subfield><subfield code="a">Ismāʻīl ibn Ḥasan ibn Muṣṭafá al-Awlawī,</subfield><subfield code="e">scribe,</subfield><subfield code="e">former owner.</subfield></datafield><datafield tag="773" ind1="0" ind2=" "><subfield code="a">Tiflis Collection.</subfield></datafield><datafield tag="880" ind1="0" ind2=" "><subfield code="6">700-05/</subfield><subfield code="a">اسماعيل بن حسن بن مصطفى الاولوى،</subfield><subfield code="e">ناسخ،</subfield><subfield code="e">مالك سابق.</subfield></datafield><datafield tag="880" ind1="1" ind2="0"><subfield code="6">245-03/</subfield><subfield code="a">[كتاب الضوء,</subfield><subfield code="f">القرن 18م].</subfield></datafield><datafield tag="880" ind1="1" ind2="0"><subfield code="6">240-02/</subfield><subfield code="a">ضوء المصباح</subfield></datafield><datafield tag="880" ind1="1" ind2=" "><subfield code="6">100-01/</subfield><subfield code="a">.اسفراييني، محمد بن محمد</subfield></datafield><datafield tag="CID" ind1=" " ind2=" "><subfield code="a">006768878</subfield></datafield><datafield tag="DAT" ind1="0" ind2=" "><subfield code="a">20190719102635.0</subfield><subfield code="b">20190719000000.0</subfield></datafield><datafield tag="DAT" ind1="1" ind2=" "><subfield code="a">20190719090653.0</subfield><subfield code="b">2019-07-19T16:11:22Z</subfield></datafield><datafield tag="DAT" ind1="2" ind2=" "><subfield code="a">2015-10-02T18:00:03Z</subfield></datafield><datafield tag="CAT" ind1=" " ind2=" "><subfield code="a">SDR-MIU</subfield><subfield code="d">EX LIBRIS - ALEPH</subfield><subfield code="l">prepare.pl-004-008</subfield></datafield><datafield tag="FMT" ind1=" " ind2=" "><subfield code="a">BK</subfield></datafield><datafield tag="HOL" ind1=" " ind2=" "><subfield code="0">sdr-miu006768878</subfield><subfield code="a">MiU</subfield><subfield code="b">SDR</subfield><subfield code="c">MIU</subfield><subfield code="p">mdp.39015079125137</subfield><subfield code="s">MIU</subfield><subfield code="1">006768878</subfield></datafield><datafield tag="974" ind1=" " ind2=" "><subfield code="b">MIU</subfield><subfield code="c">MIU</subfield><subfield code="d">20190719</subfield><subfield code="s">lit-dlps-dc</subfield><subfield code="u">mdp.39015079125137</subfield><subfield code="y">1799</subfield><subfield code="r">pd</subfield><subfield code="q">bib</subfield><subfield code="t">non-US bib date1 &lt; 1879</subfield></datafield></record></collection>